<?xml version="1.0" encoding="UTF-8"?><record xmlns="http://www.loc.gov/MARC21/slim" xmlns:cinclude="http://apache.org/cocoon/include/1.0" xmlns:zs="http://www.loc.gov/zing/srw/">
  <leader>00497cz  a2200145n  4500</leader>
  <controlfield tag="001">nr 91033822 </controlfield>
  <controlfield tag="003">DLC</controlfield>
  <controlfield tag="005">20000719064415.0</controlfield>
  <controlfield tag="008">910911n| acannaabn          |a aaa     c</controlfield>
  <datafield tag="010" ind1=" " ind2=" ">
    <subfield code="a">nr 91033822 </subfield>
  </datafield>
  <datafield tag="035" ind1=" " ind2=" ">
    <subfield code="a">(OCoLC)oca03019380</subfield>
  </datafield>
  <datafield tag="040" ind1=" " ind2=" ">
    <subfield code="a">NjP</subfield>
    <subfield code="b">eng</subfield>
    <subfield code="c">NjP</subfield>
    <subfield code="d">OCoLC</subfield>
  </datafield>
  <datafield tag="100" ind1="1" ind2=" ">
    <subfield code="a">Chevance-Bertin, Maurice</subfield>
  </datafield>
  <datafield tag="400" ind1="1" ind2=" ">
    <subfield code="a">Bertin, Maurice Chevance-</subfield>
  </datafield>
  <datafield tag="670" ind1=" " ind2=" ">
    <subfield code="a">His Vingt mille heures d'angoisse, c1990:</subfield>
    <subfield code="b">t.p. (Ge휍혖ne휍혖ral Chevance-Bertin) cover p. 2 (Maurice Chevance-Bertin, member of the French Resistance)</subfield>
  </datafield>
</record>